%%%%%%%%%%%%%%%%%%%%%%%%%%%%%%%%%%%%%%%%%%%%%%
%%%%%%%%%%%%%     Livros    %%%%%%%%%%%%%%%%%%
%%%%%%%%%%%%%%%%%%%%%%%%%%%%%%%%%%%%%%%%%%%%%%

@book{Kagan,
    author = {Nelson Kagan and Carlos César Barioni de Oliveira and Ernesto João Robba},
    publisher = {Editora Edigard Blucher},
    title = {Introdução aos sistemas de distribuição de energia elétrica},
    year = {2005},
    edition = {1},
    address = {São Paulo},
}

@book{Cormen,
  author = {Thomas H. Cormen and et. al.},
  publisher = {The MIT Press},
  title = {Introduction to algorithms},
  year = {2009},
  edition = {3},
  address = {Cambridge, Massachusetts},
}

%%%%%%%%%%%%%%%%%%%%%%%%%%%%%%%%%%%%%%%%%%%%%%
%%%%%%%%%%%%%    Artigos    %%%%%%%%%%%%%%%%%%
%%%%%%%%%%%%%%%%%%%%%%%%%%%%%%%%%%%%%%%%%%%%%%

@article{Cespedes,
    title = {New method for the analysis of distribution networks},
    month = {January},
    author = {Renato Cespedes},
    year = {1990},
    volume = {5},
    journal = {IEEE Transactions on Power Delivery},
}

@article{Bruno,
  title = {Unbalanced three-phase optimal power flow for smart grids},
  month = {Janeiro},
  author = {Sergio Bruno and et all},
  year = {2011},
  volume = {58},
  journal = {Industrial Electronics, IEEE Transactions},
}

@article{Brown,
  title = {Impact of smart grid on distribution system design},
  month = {July},
  author = {Richard E. Brown},
  year = {2008},
  journal = {Power and Energy Society General Meeting - Conversion and Delivery of Electrical Energy in the 21st Century, IEEE},
  address = {Pittsburgh-PA},
}

@article{Shayani,
  title = {Comparação do custo entre energia solar fotovoltaica e fontes convencionais},
  month = {Junho},
  author = {Rafael Amaral Shayani and Marco Aurélio Gonçalves de Oliveira and Ivan Marques de Toledo Camargo},
  year = {2006},
  journal = {Congresso Brasileiro de planejamento Energético},
  address = {Brasília-DF},
}

@article{Ochoa,
    title = {Distribution line models analysis for loss calculation within three-phase three-wire power flow algorithms},
    month = {November},
    author = {L. F. Ochoa and Padilha Feltrin},
    year = {2004},
    pages = {173 - 178},
    journal = {Transmission and Distribution Conference and Exposition: Latin America},
}

@article{Ramos,
    title = {Quasi-coupled three-phase radial load flow},
    month = {May},
    author = {E. R. Ramos and A. G. Exposito and G. A. Cordero},
    year = {2004},
    pages = {776-781},
    volume = {19},
    number = {2},
    journal = {IEEE Transactions on Power Systems},
}

@article{Shirmohammad,
    title = {A compensation-based power flow method for weakly meshed distribution and transmission networks},
    month = {May},
    author = {D. Shirmohammadi, et all},
    year = {1988},
    volume = {3},
    journal = {IEEE Transactions on Power Systems},
}

@article{Shirmohammad3F,
    title = {A three-phase power flow method for real-time distribution system analysis},
    month = {May},
    author = {Carol S. Cheng and Dariush Shirmohammadi},
    year = {1995},
    volume = {10},
    journal = {IEEE Transactions on Power Systems},
}

@article{SetorEletrico,
    title = {Tópicos de sistemas de transmissão e de distribuição de energia elétrica},
    month = {March},
    author = {Douglas A. A. Garcia and Francisco Elio Jr Duzzi},
    year = {2012},
    volume = {74},
    journal = {O Setor Elétrico},
}

%%%%%%%%%%%%%%%%%%%%%%%%%%%%%%%%%%%%%%%%%%%%%%
%%%%%%%%%%%%%%%   phdthesis  %%%%%%%%%%%%%%%%%
%%%%%%%%%%%%%%%%%%%%%%%%%%%%%%%%%%%%%%%%%%%%%%

@phdthesis{CaioOba,
    address = {São Paulo - SP},
    school = {Escola Politécnica da Universidade de São Paulo - EPUSP},
    title = {Caracterização de Perdas Comerciais em Sistemas de Energia Através de Técnicas Inteligentes},
    author = {Caio Cesar Oba Ramos},
    pages = {144},
    year  = {2014},
}

@phdthesis{Araujo,
    address = {Rio de Janeiro - RJ},
    school = {Universidade Federal do Rio de Janeiro},
    title = {Uma contribuição ao fluxo de potência ótimo aplicado a sistemas de potência trifásicos usando o método dos pontos interiores},
    author = {Leandro Ramos de Araujo},
    pages = {295},
    year  = {2005},
}

@phdthesis{Queiroz,
  author		= "Leonardo Mendonça Oliveira de Queiroz",
  title		= "Estimação e análise das perdas técnicas na distribuição de energia elétrica",
  school		= "Unicamp",
  year		= "2010",
}

%%%%%%%%%%%%%%%%%%%%%%%%%%%%%%%%%%%%%%%%%%%%%%
%%%%%%%%%%%%%   masterthesis  %%%%%%%%%%%%%%%%
%%%%%%%%%%%%%%%%%%%%%%%%%%%%%%%%%%%%%%%%%%%%%%

@mastersthesis{Pizzali,
    author = {Luis Fernando Ochoa Pizzali},
    address = {Ilha Solteira ? SP},
    school = {Universidade Estadual Paulista Júlio de Mesquita Filho},
    title = {Cálculo de fluxo de potência em redes de distribuição com modelagem a quatro fios},
    pages = {120},
    year = {2003},
}


%%%%%%%%%%%%%%%%%%%%%%%%%%%%%%%%%%%%%%%%%%%%%%
%%%%%%%%%%%%%%%%%   inbook  %%%%%%%%%%%%%%%%%%
%%%%%%%%%%%%%%%%%%%%%%%%%%%%%%%%%%%%%%%%%%%%%%

@inbook{Kleer,
 author = {F. Kleer and S. Hara and R. Prasad},
 chapter = {7},
 title = {Detection Strategies and Cancellation Schemes in a MC-CDMA System. in: CDMA Techniques for Third Generation Mobile Systems},
 publisher = {Kluwer Academic Publishers},
 year = {1999},
 pages = {185-215},
}

%%%%%%%%%%%%%%%%%%%%%%%%%%%%%%%%%%%%%%%%%%%%%%
%%%%%%%%%%%%%%%%%   misc  %%%%%%%%%%%%%%%%%%%%
%%%%%%%%%%%%%%%%%%%%%%%%%%%%%%%%%%%%%%%%%%%%%%

% Normas
@misc{Bandeiras,
   author = {ANEEL},
   title = {Resolução Normativa n 649/15},
   year = {2015},
   month = {February},
   address = {Brasil},
   publisher = {Agência Nacional de Energia Elétrica},
}

% Relatorios
@techreport{Dados2014,
    author    = "ONS",
    title     = "Dados Relevantes 2014",
    institution = "Operador Nacional do Sistema Elétrico",
    year      = "2015",
    address = {Brasil},
    note  = "Disponível em: www.ons.org.br/download/biblioteca\_virtual/publicacoes/DADOS2014\_ONS/index.html. Acesso em  08/01/2016.",
}

@techreport{BoletimSet,
    author    = "MME",
    title     = "Boletim mensal de monitoramento do sistema elétrico brasileiro",
    institution = "Ministério de Minas e Energia",
    year      = "2015",
    month    = "Setember",
    address = {Brasil},
    note  = "Disponível em: www.mme.gov.br/documents/10584/2027273/Boletim+de+M
    onitoramento+do+Sistema+El\%C3\%A9trico+-+Setembro-2015.pdf. Acesso em  08/01/2016.",
}

@techreport{Anuario2015,
    author    = "EPE",
    title     = "Anuário Estatístico de Energia Elétrica 2015",
    institution = "Empresa de Pesquisa Energética",
    year      = "2015",
    month    = "January",
    address = {Brasil},
    note  = "Disponível em: http://www.epe.gov.br/AnuarioEstatisticodeEnergiaEletrica/Forms/Anurio.aspx. Acesso em  09/01/2016.",
}

@misc{WorldBank,
    author = {The World Bank},
    address = {Estados Unidos},
    howpublished = {World Development Indicators},
    title = {Electric power transmission and distribution losses (\% of output)},
    year = {2015},
}

@techreport{TabPerdas,
    author    = {ANEEL},
    title     = {Tabela de Perdas de Energia Elétrica},
    institution = {Agencia Nacional de Energia Elétrica},
    year      = {2015},
    month    = {November},
    address = {Brasil},
    note  = {Disponível em: http://www.epe.gov.br/AnuarioEstatisticodeEnergiaEletrica/Forms/Anurio.aspx. Acesso em  09/01/2016.},
}


