@techreport{boletimMME,
    author    = "Ministério de Minas e Energia",
    title     = "Boletim mensal de monitoramento do sistema elétrico brasileiro",
    institution = "Ministério de Minas e Energia",
    year      = "2015",
    month    = "Agosto",
    note  = "Disponível em: www.mme.gov.br/documents/10584/2027273/Boletim+de+M
    onitoramento+do+Sistema+El\%C3\%A9trico+-+Agosto-2015.pdf",
}

@misc{CostaNorte,
    author    = "Jornal O Dia",
    title     = "Ligações clandestinas correspondem a 16\% das perdas de energia elétrica",
    year     = "2015",
    month    = "Agosto",
    note     = "Disponível em: http://portalcostanorte.meionorte.com/ligacoes-clandestinas-correspondem-a-16-das-perdas-de-energia-eletrica/",
}

@phdthesis{Queiroz,
    author		= "Leonardo Mendonça Oliveira de Queiroz",
    title		= "Estimação e análise das perdas técnicas na distribuição de energia elétrica",
    school		= "Unicamp",
    year		= "2010",
}

@article{Eminoglu,
    author    = "Ulas Eminoglu and et al",
    title     = "A new power flow method for radial distribution systems including voltage dependent load models",
    journal   = "Electric Power Systems Research",
    number   = "76",
    pages    = "106–114",
    year      = "2005",
}

@article{Alsaadi,
    author    = "A. Alsaadi and et al.",
    title     = "An Effective Approach for Distribution System Power Flow Solution",
    journal   = "International Journal of Electrical, Computer, Energetic, Electronic and Communication Engineering",
    volume   = "3",
    number   = "1",
    year      = "2009",
}

@article{Reddy,
    author    = "Puthireddy Umapathi Reddy and el al. ",
    title     = "Power flow analysis of three phase unbalanced radial distribution system",
    journal   = "International Journal of Advances in Engineering \& Technology",
    year      = "2012",
    month    = "março",
}

@conference{Yao,
    author    = "Yubin Yao and et al.",
    title     = "Convergence Analysis on the Power Flow Methods for Distribution Networks with Small  Impedance Branches",
    booktitle   = "The 3th international conference on deregulation and restructuring and power technologies (DRPT 2008)",
    year      = "2008",
    month    = "Abril",
}

@article{Cespedes,
    author    = "Renato G. Cespedes",
    title     = "New method for the analysis of distribution networks",
    journal   = "IEEE Transactions on Power Delivery",
    volume   = "5",
    number   = "1",
    year      = "1990",
    month    = "Janeiro",
}

@article{ShirmohammadiMono,
    author    = "Dariush Shirmohammadi and et al.",
    title     = "A compensation-based power flow method for weakly meshed distribution and transmission networks",
    journal   = "IEEE Transactions on Power Systems",
    volume   = "3",
    number   = "2",
    year      = "1988",
    month    = "Maio",
}

@article{Shirmohammadi3F,
    author    = "Dariush Shirmohammadi and et al.",
    title     = "A three-phase power flow method for real-time distribution system analysis",
    journal   = "IEEE Transactions on Power Systems",
    volume   = "10",
    number   = "2",
    year      = "1995",
    month    = "Maio",
}

